<?xml version="1.0" encoding="UTF-8"?><record xmlns="http://www.loc.gov/MARC21/slim" xmlns:cinclude="http://apache.org/cocoon/include/1.0" xmlns:zs="http://www.loc.gov/zing/srw/">
  <leader>02418cz  a2200349n  4500</leader>
  <controlfield tag="001">no 96030831 </controlfield>
  <controlfield tag="003">DLC</controlfield>
  <controlfield tag="005">20050110124630.0</controlfield>
  <controlfield tag="008">960614n| acaaaaaan          |a ana     c</controlfield>
  <datafield tag="010" ind1=" " ind2=" ">
    <subfield code="a">no 96030831 </subfield>
  </datafield>
  <datafield tag="035" ind1=" " ind2=" ">
    <subfield code="a">(OCoLC)oca04099299</subfield>
  </datafield>
  <datafield tag="040" ind1=" " ind2=" ">
    <subfield code="a">ICRL</subfield>
    <subfield code="c">ICRL</subfield>
    <subfield code="d">DLC-S</subfield>
    <subfield code="d">DLC</subfield>
  </datafield>
  <datafield tag="050" ind1=" " ind2="0">
    <subfield code="a">QL281</subfield>
    <subfield code="b">.A4</subfield>
  </datafield>
  <datafield tag="130" ind1=" " ind2="0">
    <subfield code="a">Opredeliteli po faune</subfield>
  </datafield>
  <datafield tag="410" ind1="2" ind2=" ">
    <subfield code="a">Zoologicheskiĭ institut (Rossiĭskai︠a︡ akademii︠a︡ nauk).</subfield>
    <subfield code="t">Opredeliteli po faune</subfield>
  </datafield>
  <datafield tag="430" ind1=" " ind2="0">
    <subfield code="a">Opredeliteli po faune, izdavaemye Zoologicheskim institutom Rossiĭskoĭ akademii nauk</subfield>
  </datafield>
  <datafield tag="430" ind1=" " ind2="0">
    <subfield code="a">Opredeliteli po faune Rossii i sopredelʹnykh stran</subfield>
  </datafield>
  <datafield tag="430" ind1=" " ind2="0">
    <subfield code="a">Opredeliteli zhivotnykh</subfield>
  </datafield>
  <datafield tag="430" ind1=" " ind2="0">
    <subfield code="a">Opredeliteli po faune Rossii, izdavaemye Zoologicheskim institutom Rossiĭskoĭ akademii nauk</subfield>
  </datafield>
  <datafield tag="430" ind1=" " ind2="0">
    <subfield code="a">Handbook for the identification of the fauna of Russia published by Zoological Institute, Russian Academy of Sciences</subfield>
  </datafield>
  <datafield tag="530" ind1=" " ind2="0">
    <subfield code="w">a</subfield>
    <subfield code="a">Opredeliteli po faune SSSR</subfield>
  </datafield>
  <datafield tag="642" ind1=" " ind2=" ">
    <subfield code="a">166</subfield>
    <subfield code="5">DLC</subfield>
    <subfield code="5">ICRL</subfield>
  </datafield>
  <datafield tag="643" ind1=" " ind2=" ">
    <subfield code="a">Sankt-Peterburg</subfield>
    <subfield code="b">"Nauka"</subfield>
  </datafield>
  <datafield tag="644" ind1=" " ind2=" ">
    <subfield code="a">f</subfield>
    <subfield code="5">DLC</subfield>
    <subfield code="5">ICRL</subfield>
  </datafield>
  <datafield tag="645" ind1=" " ind2=" ">
    <subfield code="a">t</subfield>
    <subfield code="5">DLC</subfield>
    <subfield code="5">ICRL</subfield>
  </datafield>
  <datafield tag="646" ind1=" " ind2=" ">
    <subfield code="a">c</subfield>
    <subfield code="5">DLC</subfield>
  </datafield>
  <datafield tag="646" ind1=" " ind2=" ">
    <subfield code="a">s</subfield>
    <subfield code="5">ICRL</subfield>
  </datafield>
  <datafield tag="667" ind1=" " ind2=" ">
    <subfield code="a">Establish new hdg. if form Opredeliteli zhivotnykh is used again--jb04</subfield>
  </datafield>
  <datafield tag="670" ind1=" " ind2=" ">
    <subfield code="a">Ryby I︠A︡ponskogo mori︠a︡ i sopredelʹnykh chasteĭ Okhotskogo i Zheltogo moreĭ, 19--  :</subfield>
    <subfield code="b">pt. 6, t.p. (Opredeliteli po faune, izdavaemye Zoologicheskim institutom Rossiĭskoĭ akademii nauk ; 166) colophon (Opredeliteli po faune Rossii i sopredelʹnykh stran, izdavaemye Zoologicheskim institutom Rossiĭskoĭ akademii nauk) pt. 7, t.p. (Opredeliteli zhivotnykh, izdavaemye Zoologicheskom institutom Rossiĭskoĭ akademii nauk ; 168)</subfield>
  </datafield>
  <datafield tag="670" ind1=" " ind2=" ">
    <subfield code="a">Kusakin, O.G. Morskie i solonovatovodnye ravnonogie rakoobraznye ... 1979- :</subfield>
    <subfield code="b">t. 3, ch. 2, t.p. (Opredeliteli po faune, izdavaemye Zoologicheskim institutom Rossiĭskoĭ akademii nauk ; 169)</subfield>
  </datafield>
  <datafield tag="670" ind1=" " ind2=" ">
    <subfield code="a">I︠A︡nkovskiĭ, Alekseĭ Vladimirovich. Opredelitelʹ moshek (Diptera:Simuliidae) Rossii i sopredelʹnykh territoriĭ (byvshego SSSR), 2002:</subfield>
    <subfield code="b">t.p. (Opredeliteli po faune Rossii, izdavaemye Zoologicheskim institutom Rossiĭskoĭ akademii nauk) t.p. verso (Handbook for the identification of the fauna of Russia published by Zoological Institute, Russian Academy of Sciences)</subfield>
  </datafield>
  <datafield tag="675" ind1=" " ind2=" ">
    <subfield code="a">St︠s︡elioniny fauny SSSR, 1990: verso t.p. (Opredeliteli po faune SSSR, izdavaemye Zoologicheskim institutom AN SSSR ; vyp. 161)</subfield>
  </datafield>
</record>